@book{gp_rw,
 author = {Rasmussen, Carl Edward and Williams, Christopher K. I.},
 title = {Gaussian Processes for Machine Learning (Adaptive Computation and Machine Learning)},
 year = {2005},
 isbn = {026218253X},
 publisher = {The MIT Press},
} 

@ARTICLE{atia, 
author={M. M. Atia and A. Noureldin and M. J. Korenberg}, 
journal={IEEE Transactions on Mobile Computing}, 
title={Dynamic Online-Calibrated Radio Maps for Indoor Positioning in Wireless Local Area Networks}, 
year={2013}, 
volume={12}, 
number={9}, 
pages={1774-1787}, 
keywords={Bayes methods;client-server systems;indoor radio;mobile computing;regression analysis;wireless LAN;Bayesian kernels parameter;Bayesian regression algorithm;IEEE 802.11 network;WLAN access point;a posterior signal strength probability distribution estimation;client-server-based system;context-awareness;dynamic online-calibrated radio map;dynamic radio map;features reduction algorithm;indoor positioning;location-based-service;logarithmic pass loss mean;mobile computing;wireless local area network;Accuracy;Bayesian methods;Fingerprint recognition;IEEE 802.11 Standards;Media;Mobile computing;Wireless LAN;Location-dependent and sensitive;WLAN;localization;mobile environments systems and technologies;probabilistic computation;radio map/fingerprinting/RSS;support services for mobile computing}, 
doi={10.1109/TMC.2012.143}, 
ISSN={1536-1233}, 
month={Sept},}